@book{hoffstein2008introduction,
  title={An introduction to mathematical cryptography},
  author={Hoffstein, Jeffrey and Pipher, Jill and Silverman, Joseph H and Silverman, Joseph H},
  volume={1},
  year={2008},
  publisher={Springer}
}
@misc{ enwiki:1083919625,
    author = "{Wikipedia contributors}",
    title = "Cryptography --- {Wikipedia}{,} The Free Encyclopedia",
    year = "2022",
    url = "https://en.wikipedia.org/w/index.php?title=Cryptography&oldid=1083919625",
    note = "[Online; accessed 29-April-2022]"
  }
  @INPROCEEDINGS{7033751,  author={Boruah, Debabrat and Saikia, Monjul},  booktitle={International Conference on Information Communication and Embedded Systems (ICICES2014)},   title={Implementation of ElGamal Elliptic Curve Cryptography over prime field using C},   year={2014},  volume={},  number={},  pages={1-7},  doi={10.1109/ICICES.2014.7033751}}
